 @misc{goldstein_2018, title={NBA Players Stats Since 1950}, howpublished={\url{https://www.kaggle.com/datasets/drgilermo/nba-players-stats}}, journal={www.kaggle.com}, author={Goldstein, Omri}, year={2018}, month={Apr} }

 @misc{basketball_reference_2000, title={Basketball Statistics and History},  howpublished={\url{https://www.basketball-reference.com}}, journal={Basketball-Reference.com}, author={BasketballReference}, year={2000} }

@misc{song_wang_2017, title={Classification of NBA Players}, howpublished={\url{https://chaspari.engr.tamu.edu/wp-content/uploads/sites/147/2018/01/2_7-1.pdf}}, author={Song, Zibo; Wang, Tao}, year={2017}}

@misc{from_5, title={From 5 to 13: redefining the positions in basketball}, url={https://www.sloansportsconference.com/research-papers/from-5-to-13-redefining-the-positions-in-basketball}, journal={www.sloansportsconference.com}, author={Muthu Alagappan}}

 @book{shea_2014, title={Basketball analytics : spatial tracking}, ISBN={9781503236271}, author={Shea, Stephen M}, year={2014}, publisher={Amazon Books} }

@inproceedings{Chen:2016:XST:2939672.2939785,
 author = {Chen, Tianqi and Guestrin, Carlos},
 title = {{XGBoost}: A Scalable Tree Boosting System},
 booktitle = {Proceedings of the 22nd ACM SIGKDD International Conference on Knowledge Discovery and Data Mining},
 series = {KDD '16},
 year = {2016},
 isbn = {978-1-4503-4232-2},
 location = {San Francisco, California, USA},
 pages = {785--794},
 numpages = {10},
 url = {http://doi.acm.org/10.1145/2939672.2939785},
 doi = {10.1145/2939672.2939785},
 acmid = {2939785},
 publisher = {ACM},
 address = {New York, NY, USA},
 keywords = {large-scale machine learning},
}